<?xml version="1.0" encoding="UTF-8"?>
<collection xmlns:xsi="http://www.w3.org/2001/XMLSchema-instance" xsi:schemaLocation="http://www.loc.gov/MARC21/slim http://www.loc.gov/standards/marcxml/schema/MARC21slim.xsd" xmlns="http://www.loc.gov/MARC21/slim">
<record>
  <leader>01043cam a2200253Ma 4500</leader>
  <controlfield tag="001">3181418</controlfield>
  <controlfield tag="003">NNC</controlfield>
  <controlfield tag="005">20040122035334.0</controlfield>
  <controlfield tag="008">950630s1904    ua            000 0 araod</controlfield>
  <datafield tag="035" ind1=" " ind2=" ">
    <subfield code="a">(OCoLC)ocm33116937</subfield>
  </datafield>
  <datafield tag="035" ind1=" " ind2=" ">
    <subfield code="9">AUC4435CU</subfield>
  </datafield>
  <datafield tag="035" ind1=" " ind2=" ">
    <subfield code="a">(NNC)3181418</subfield>
  </datafield>
  <datafield tag="040" ind1=" " ind2=" ">
    <subfield code="a">RBN</subfield>
    <subfield code="c">RBN</subfield>
    <subfield code="d">OCL</subfield>
    <subfield code="d">ZCU</subfield>
  </datafield>
  <datafield tag="050" ind1="1" ind2="4">
    <subfield code="a">PJ6151</subfield>
    <subfield code="b">.I235x 1904</subfield>
  </datafield>
  <datafield tag="099" ind1=" " ind2=" ">
    <subfield code="a">893.7Ib6</subfield>
    <subfield code="a">T</subfield>
  </datafield>
  <datafield tag="100" ind1="0" ind2=" ">
    <subfield code="a">Suyūṭī,</subfield>
    <subfield code="d">1445-1505.</subfield>
  </datafield>
  <datafield tag="245" ind1="1" ind2="0">
    <subfield code="a">Sharḥ shawāhid al-Mughnī /</subfield>
    <subfield code="c">taʾlīf Jalāl al-Dīn ʻAbd al-Raḥmān ibn Abī Bakr al-Suyūṭī ; iʻtaná bi-taṣḥīḥihi ... Muḥammad Maḥmūd ibn Talāmīd al-Tarkazī al-Shanqīṭī.</subfield>
  </datafield>
  <datafield tag="260" ind1=" " ind2=" ">
    <subfield code="a">Miṣr :</subfield>
    <subfield code="b">al-Maṭbaʻah al-Bahīyah,</subfield>
    <subfield code="c">1322 [1904]</subfield>
  </datafield>
  <datafield tag="300" ind1=" " ind2=" ">
    <subfield code="a">330, 2 p. ;</subfield>
    <subfield code="c">28 cm.</subfield>
  </datafield>
  <datafield tag="600" ind1="1" ind2="0">
    <subfield code="a">Ibn Hishām, ʻAbd Allāh ibn Yūsuf,</subfield>
    <subfield code="d">1309-1360.</subfield>
    <subfield code="t">Mughnī al-labīb.</subfield>
  </datafield>
  <datafield tag="650" ind1=" " ind2="0">
    <subfield code="a">Arabic language</subfield>
    <subfield code="x">Syntax</subfield>
    <subfield code="v">Early works to 1800.</subfield>
  </datafield>
  <datafield tag="650" ind1=" " ind2="0">
    <subfield code="a">Arabic language</subfield>
    <subfield code="x">Grammar</subfield>
    <subfield code="v">Early works to 1800.</subfield>
  </datafield>
  <datafield tag="700" ind1="1" ind2=" ">
    <subfield code="a">Shanqīṭī, Muḥammad Maḥmūd ibn Talāmīd al-Tarkazī.</subfield>
  </datafield>
  <datafield tag="955" ind1=" " ind2=" ">
    <subfield code="b">CU58966030</subfield>
    <subfield code="d">off,glx</subfield>
    <subfield code="e">893.7Ib6 T</subfield>
  </datafield>
</record>
</collection>